@article{acemoglu2007disease,
  title={Disease and development: the effect of life expectancy on economic growth},
  author={Acemoglu, Daron and Johnson, Simon},
  journal={Journal of political Economy},
  volume={115},
  number={6},
  pages={925--985},
  year={2007},
  publisher={The University of Chicago Press}
}

@article{piertney2006evolutionary,
  title={The evolutionary ecology of the major histocompatibility complex},
  author={Piertney, SB and Oliver, MK},
  journal={Heredity},
  volume={96},
  number={1},
  pages={7--21},
  year={2006},
  publisher={Nature Publishing Group}
}

@article{wolfe2007origins,
  title={Origins of major human infectious diseases},
  author={Wolfe, Nathan D and Dunavan, Claire Panosian and Diamond, Jared},
  journal={Nature},
  volume={447},
  number={7142},
  pages={279--283},
  year={2007},
  publisher={Nature publishing group}
}

@article{jeffery2000infectious,
  title={Do infectious diseases drive MHC diversity?},
  author={Jeffery, Katie JM and Bangham, Charles RM},
  journal={Microbes and infection},
  volume={2},
  number={11},
  pages={1335--1341},
  year={2000},
  publisher={Elsevier}
}


@article{hughes1998natural,
  title={Natural selection at major histocompatibility complex loci of vertebrates},
  author={Hughes, Austin L and Yeager, Meredith},
  journal={Annual review of genetics},
  volume={32},
  number={1},
  pages={415--435},
  year={1998},
  publisher={Annual Reviews 4139 El Camino Way, PO Box 10139, Palo Alto, CA 94303-0139, USA}
}

@article{penman2013pathogen,
  title={Pathogen selection drives nonoverlapping associations between HLA loci},
  author={Penman, Bridget S and Ashby, Ben and Buckee, Caroline O and Gupta, Sunetra},
  journal={Proceedings of the National Academy of Sciences},
  volume={110},
  number={48},
  pages={19645--19650},
  year={2013},
  publisher={National Acad Sciences}
}

@article{spurgin2010pathogens,
  title={How pathogens drive genetic diversity: MHC, mechanisms and misunderstandings},
  author={Spurgin, Lewis G and Richardson, David S},
  journal={Proceedings of the Royal Society B: Biological Sciences},
  volume={277},
  number={1684},
  pages={979--988},
  year={2010},
  publisher={The Royal Society}
}

@article{slade1992overdominant,
  title={Overdominant vs. frequency-dependent selection at MHC loci},
  author={Slade, RW and McCallum, HI},
  journal={Genetics},
  volume={132},
  number={3},
  pages={861},
  year={1992},
  publisher={Genetics Society of America}
}


@article{ashraf2013out,
  title={The'Out of Africa'hypothesis, human genetic diversity, and comparative economic development},
  author={Ashraf, Quamrul and Galor, Oded},
  journal={American Economic Review},
  volume={103},
  number={1},
  pages={1--46},
  year={2013}
}

@article{ramachandran2005support,
  title={Support from the relationship of genetic and geographic distance in human populations for a serial founder effect originating in Africa},
  author={Ramachandran, Sohini and Deshpande, Omkar and Roseman, Charles C and Rosenberg, Noah A and Feldman, Marcus W and Cavalli-Sforza, L Luca},
  journal={Proceedings of the National Academy of Sciences},
  volume={102},
  number={44},
  pages={15942--15947},
  year={2005},
  publisher={National Acad Sciences}
}

@inproceedings{kidd2003alfred,
  title={ALFRED-the ALlele FREquency database-an update.},
  author={Kidd, K and Rajeevan, H and Osier, MV and Cheung, K and Deng, H and Druskin, L and Heinzen, R and Kidd, JR and Stein, S and Pakstis, AJ and others},
  booktitle={American Journal of Physical Anthropology},
  pages={128--128},
  year={2003},
  organization={WILEY-LISS DIV JOHN WILEY \& SONS INC, 605 THIRD AVE, NEW YORK, NY 10158-0012 USA}
}


@article{alesina2003fractionalization,
  title={Fractionalization},
  author={Alesina, Alberto and Devleeschauwer, Arnaud and Easterly, William and Kurlat, Sergio and Wacziarg, Romain},
  journal={Journal of Economic growth},
  volume={8},
  number={2},
  pages={155--194},
  year={2003},
  publisher={Springer}
}